<?xml version="1.0" encoding="UTF-8"?><collection xmlns="http://www.loc.gov/MARC21/slim"><record><leader>00332nam--2200121-i-4500</leader><controlfield tag="001">000027527</controlfield><controlfield tag="002">20161230</controlfield><controlfield tag="005">20161230201036</controlfield><controlfield tag="008">060222s1000------------r-----000-0-eng-d</controlfield><datafield ind1=" " ind2=" " tag="100"><subfield code="a">Lanczos, Cornelius</subfield></datafield><datafield ind1=" " ind2=" " tag="245"><subfield code="a">Albert einstein and the cosmic world order</subfield></datafield><datafield ind1=" " ind2=" " tag="260"><subfield code="a">New York, Interscience Publishers, 1965, Vi + 139p</subfield></datafield><datafield ind1=" " ind2=" " tag="852"><subfield code="a">22913</subfield></datafield></record></collection>